<?xml version="1.0" encoding="UTF-8"?><collection xmlns="http://www.loc.gov/MARC21/slim"><record><leader>00356nam--2200145-i-4500</leader><controlfield tag="001">000014134</controlfield><controlfield tag="002">20161230</controlfield><controlfield tag="005">20161230201030</controlfield><controlfield tag="008">060222s1000------------r-----000-0-eng-d</controlfield><datafield ind1=" " ind2=" " tag="100"><subfield code="a">Davies, E.B</subfield></datafield><datafield ind1=" " ind2=" " tag="245"><subfield code="a">One-parameter semigroups</subfield></datafield><datafield ind1=" " ind2=" " tag="260"><subfield code="a">London, Academic Press, 1980</subfield></datafield><datafield ind1=" " ind2=" " tag="490"><subfield code="a">L.M.S.Monographs</subfield></datafield><datafield ind1=" " ind2=" " tag="852"><subfield code="a">45332</subfield></datafield><datafield ind1=" " ind2=" " tag="CAT"><subfield code="a">Sys</subfield><subfield code="c">20080513</subfield><subfield code="h">125221</subfield></datafield></record></collection>